<?xml version="1.0" encoding="UTF-8"?><collection xmlns="http://www.loc.gov/MARC21/slim"><record><leader>00551nam--2200193-i-4500</leader><controlfield tag="001">000044768</controlfield><controlfield tag="002">20161230</controlfield><controlfield tag="005">20170119140800</controlfield><controlfield tag="008">060222s1000------------r-----000-0-eng-d</controlfield><datafield ind1=" " ind2=" " tag="020"><subfield code="a">0070648778</subfield></datafield><datafield ind1=" " ind2=" " tag="040"><subfield code="a">IFIN-HH</subfield></datafield><datafield ind1=" " ind2=" " tag="080"><subfield code="a">538.945:537.312.62</subfield></datafield><datafield ind1="1" ind2=" " tag="100"><subfield code="a">Tinkham, Michael</subfield></datafield><datafield ind1="1" ind2="0" tag="245"><subfield code="a">Introduction to Superconductivity</subfield><subfield code="c">Michael Tinkham</subfield></datafield><datafield ind1=" " ind2=" " tag="260"><subfield code="a">New York</subfield><subfield code="b">Mcgraw-Hill Book Company</subfield><subfield code="c">1975</subfield></datafield><datafield ind1=" " ind2=" " tag="300"><subfield code="a">xiv+296p</subfield></datafield><datafield ind1=" " ind2=" " tag="490"><subfield code="a">International Series Ii Pure And Applied Physics</subfield></datafield><datafield ind1=" " ind2=" " tag="852"><subfield code="a">45451</subfield><subfield code="c">537:538</subfield></datafield><datafield ind1=" " ind2=" " tag="CAT"><subfield code="a">SYS</subfield><subfield code="c">20170119</subfield><subfield code="h">140800</subfield></datafield></record></collection>